% This file was created with JabRef 2.7.2.
% Encoding: MacRoman


@ARTICLE{zhang,
  author    = {Jindi Zhang and
               Yang Lou and
               Jianping Wang and
               Kui Wu and
               Kejie Lu and
               Xiaohua Jia},
  title     = {Evaluating Adversarial Attacks on Driving Safety in Vision-Based Autonomous Vehicles},
  journal   = {CoRR},
  volume    = {abs/2108.02940},
  year      = 2021,
  month = aug,
  url       = {https://arxiv.org/abs/2108.02940},
  eprinttype = {arXiv},
  eprint    = {2108.02940},
  timestamp = {Wed, 11 Aug 2021 15:24:08 +0200},
  biburl    = {https://dblp.org/rec/journals/corr/abs-2108-02940.bib},
  bibsource = {dblp computer science bibliography, https://dblp.org}
}

@ARTICLE{qayyum,
  author    = {Adnan Qayyum and
               Muhammad Usama and
               Junaid Qadir and
               Ala I. Al{-}Fuqaha},
  title     = {Securing Connected {\&} Autonomous Vehicles: Challenges Posed
               by Adversarial Machine Learning and the Way Forward},
  journal   = {{IEEE} Commun. Surv. Tutorials},
  volume    = {22},
  number    = {2},
  pages     = {998--1026},
  year      = 2020,
  url       = {https://doi.org/10.1109/COMST.2020.2975048},
  doi       = {10.1109/COMST.2020.2975048},
  timestamp = {Thu, 06 Aug 2020 21:48:58 +0200},
  biburl    = {https://dblp.org/rec/journals/comsur/QayyumUQA20.bib},
  bibsource = {dblp computer science bibliography, https://dblp.org}
}

@inproceedings{pavlitskaya,
  author    = {Svetlana Pavlitskaya and
               Sefa {\"{U}}nver and
               J. Marius Z{\"{o}}llner},
  title     = {Feasibility and Suppression of Adversarial Patch Attacks on End-to-End
               Vehicle Control},
  booktitle = {23rd {IEEE} International Conference on Intelligent Transportation
               Systems, {ITSC} 2020, Rhodes, Greece, September 20-23, 2020},
  pages     = {1--8},
  publisher = {{IEEE}},
  year      = 2020,
  url       = {https://doi.org/10.1109/ITSC45102.2020.9294426},
  doi       = {10.1109/ITSC45102.2020.9294426},
  timestamp = {Mon, 18 Jan 2021 09:45:02 +0100},
  biburl    = {https://dblp.org/rec/conf/itsc/PavlitskayaUZ20.bib},
  bibsource = {dblp computer science bibliography, https://dblp.org}
}

@ARTICLE{tampuu,
  author    = {Ardi Tampuu and
               Maksym Semikin and
               Naveed Muhammad and
               Dmytro Fishman and
               Tambet Matiisen},
  title     = {A Survey of End-to-End Driving: Architectures and Training Methods},
  journal   = {CoRR},
  month = mar,
  volume    = {abs/2003.06404},
  year      = {2020},
  url       = {https://arxiv.org/abs/2003.06404},
  eprinttype = {arXiv},
  eprint    = {2003.06404},
  timestamp = {Fri, 02 Jul 2021 15:42:13 +0200}
}


@inproceedings{piazzesi,
  author    = {Niccol{\`{o}} Piazzesi and
               Massimo Hong and
               Andrea Ceccarelli},
  editor    = {Ibrahim Habli and
               Mark Sujan and
               Friedemann Bitsch},
  title     = {Attack and Fault Injection in Self-driving Agents on the Carla Simulator
               - Experience Report},
  booktitle = {Computer Safety, Reliability, and Security - 40th International Conference,
               {SAFECOMP} 2021, York, UK, September 8-10, 2021, Proceedings},
  series    = {Lecture Notes in Computer Science},
  volume    = {12852},
  pages     = {210--225},
  publisher = {Springer},
  year      = 2021,
  month = aug,
  doi       = {10.1007/978-3-030-83903-1\_14},
  timestamp = {Thu, 26 Aug 2021 14:27:52 +0200}
}


@article{geerts,
  author    = {Guido L. Geerts},
  title     = {A design science research methodology and its application to accounting
               information systems research},
  journal   = {Int. J. Account. Inf. Syst.},
  volume    = {12},
  number    = {2},
  pages     = {142--151},
  year      = {2011},
  url       = {https://doi.org/10.1016/j.accinf.2011.02.004},
  doi       = {10.1016/j.accinf.2011.02.004},
  timestamp = {Wed, 19 Feb 2020 14:17:08 +0100},
  biburl    = {https://dblp.org/rec/journals/ijais/Geerts11.bib},
  bibsource = {dblp computer science bibliography, https://dblp.org}
}

%sample delete me later
@ARTICLE{Lamport1986,
   author = {L[eslie] A. Lamport},
   title = {The Gnats and Gnus Document Preparation System},
   journal = {G-Animal's Journal},
   year = 1986,
   volume = 41,
   number = 7,
   pages = "73+",
   month = jul,
}

@misc{teslaai,
  author    = {Tesla},
  year = 2022,
  title     = {Artificial Intelligence and Autopilot},
  url       = {https://www.tesla.com/AI},
  urldate    =	{2022-04-01},
  timestamp = {Wed, 19 Feb 2020 14:17:08 +0100},
}

@misc{teslalost,
  author    = {Tesla},
  year      = {2016},
  title     = {A Tragic Loss},
  month = jun,
  urldate    =	{2022-02-18},
  url       = {https://www.tesla.com/blog/tragic-loss},
  timestamp = {Wed, 19 Feb 2020 14:17:08 +0100},
}

@misc{darpa,
  year      = {2007},
  month = jul,
  day = 23,
  author    = {Sebastian Thrun},
  note = {Video},
  publisher = {YouTube},
  title     = {{Winning the DARPA Grand Challenge}},
  url       = {https://youtu.be/TDqzyd7fDRc},
  urldate    =	{2022-04-10},
  timestamp = {Wed, 19 Feb 2020 14:17:08 +0100},
}

@inproceedings{alvinn,
  author    = {Dean Pomerleau},
  editor    = {David S. Touretzky},
  title     = {{ALVINN:} An Autonomous Land Vehicle in a Neural Network},
  booktitle = {Advances in Neural Information Processing Systems 1, {[NIPS} Conference,
               Denver, Colorado, USA, 1988]},
  pages     = {305--313},
  publisher = {Morgan Kaufmann},
  year      = {1988},
  url       = {http://papers.nips.cc/paper/95-alvinn-an-autonomous-land-vehicle-in-a-neural-network},
  timestamp = {Thu, 21 Jan 2021 15:15:26 +0100},
  biburl    = {https://dblp.org/rec/conf/nips/Pomerleau88.bib},
  bibsource = {dblp computer science bibliography, https://dblp.org}
}

@inproceedings{nvidia,
  author    = {Mariusz Bojarski and Ben Firner and Beat Flepp and Larry Jackel and Urs Muller and Karol Zieba and Davide Del Testa},
  title     = {End-to-End Deep Learning for Self-Driving Cars},
  year      = {2016},
  month = apr,
  url       = {https://arxiv.org/pdf/1604.07316v1.pdf},
  timestamp = {Thu, 21 Jan 2021 15:15:26 +0100}
}

@article{chang2018,
  author    = {Jason Zisheng Chang},
  title     = {Training Neural Networks to Pilot Autonomous Vehicles: Scaled Self-Driving Car},
  year      = 2018,
  month = may,
  urldate    =	{2021-11-20},
  url       = {https://digitalcommons.bard.edu/cgi/viewcontent.cgi?article=1222&context=senproj_s2018},
  timestamp = {Wed, 19 Feb 2020 14:17:08 +0100}
}


@article{jeff,
  author    = {Tanmay Agarwal and
               Hitesh Arora and
               Jeff Schneider},
  title     = {Affordance-based Reinforcement Learning for Urban Driving},
  month = jan,
  journal   = {CoRR},
  volume    = {abs/2101.05970},
  year      = {2021},
  url       = {https://arxiv.org/abs/2101.05970},
  eprinttype = {arXiv},
  eprint    = {2101.05970},
  timestamp = {Fri, 22 Jan 2021 15:16:00 +0100},
  biburl    = {https://dblp.org/rec/journals/corr/abs-2101-05970.bib},
  bibsource = {dblp computer science bibliography, https://dblp.org}
}

@article{donkeykeras,
  author = {Donkeycar},
  year      = {2021},
  title     = {Keras Parts},
  urldate    =	{2021-01-14},
  url       = {https://docs.donkeycar.com/parts/keras/},
  timestamp = {Wed, 19 Feb 2020 14:17:08 +0100},
}

@article{mariuz,
  author    = {Mariusz Bojarski and
               Philip Yeres and
               Anna Choromanska and
               Krzysztof Choromanski and
               Bernhard Firner and
               Lawrence D. Jackel and
               Urs Muller},
  title     = {Explaining How a Deep Neural Network Trained with End-to-End Learning
               Steers a Car},
  journal   = {CoRR},
  volume    = {abs/1704.07911},
  year      = {2017},
  url       = {http://arxiv.org/abs/1704.07911},
  eprinttype = {arXiv},
  eprint    = {1704.07911},
  timestamp = {Mon, 13 Aug 2018 16:46:51 +0200},
  biburl    = {https://dblp.org/rec/journals/corr/BojarskiYCCFJM17.bib},
  bibsource = {dblp computer science bibliography, https://dblp.org}
}

@article{reinforcement,
  author    = {Qi Zhang and
               Tao Du},
  title     = {Self-driving scale car trained by Deep reinforcement Learning},
  journal   = {CoRR},
  volume    = {abs/1909.03467},
  year      = {2019},
  month = dec,
  url       = {http://arxiv.org/abs/1909.03467},
  eprinttype = {arXiv},
  eprint    = {1909.03467},
  timestamp = {Tue, 17 Sep 2019 11:23:44 +0200},
  biburl    = {https://dblp.org/rec/journals/corr/abs-1909-03467.bib},
  bibsource = {dblp computer science bibliography, https://dblp.org}
}

@inproceedings{Goodfellow,
  author    = {Ian J. Goodfellow and
               Jonathon Shlens and
               Christian Szegedy},
  editor    = {Yoshua Bengio and
               Yann LeCun},
  title     = {Explaining and Harnessing Adversarial Examples},
  booktitle = {3rd International Conference on Learning Representations, {ICLR} 2015,
               San Diego, CA, USA, May 7-9, 2015, Conference Track Proceedings},
  year      = {2015},
  month = mar,
  url       = {http://arxiv.org/abs/1412.6572},
  timestamp = {Thu, 25 Jul 2019 14:25:38 +0200},
  biburl    = {https://dblp.org/rec/journals/corr/GoodfellowSS14.bib},
  bibsource = {dblp computer science bibliography, https://dblp.org}
}

@misc{Rosebrock,
  author    = {Adrian Rosebrock},
  title     = {Mixing normal images and adversarial images when training CNNs},
  year      = {2021},
  month = mar,
  urldate    =	{2022-02-19},
  url       = {https://www.pyimagesearch.com/2021/03/15/mixing-normal-images-and-adversarial-images-when-training-cnns/?_ga=2.180960609.797318087.1641239825-1796533188.1639314157},
  timestamp = {Wed, 19 Feb 2020 14:17:08 +0100}
}

@article{Mahmoud,
  author    = {Yaqub Mahmoud and Yuichi Okuyama and Tomohide Fukuchi and Tanaka Kosuke and Iori Ando},
  title     = {Optimizing Deep-Neural-Network-Driven Autonomous Race Car Using Image
Scaling},
  year      = {2020},
  month = may,
  url       = {https://www.shs-conferences.org/articles/shsconf/pdf/2020/05/shsconf_etltc2020_04002.pdf},
  journal={SHS Web of Conferences},
  volume={ Volume 77 - The 2nd ACM Chapter International Conference on Educational Technology, Language and Technical Communication (ETLTC2020) },
  number={04002},
  timestamp = {Tue, 8 Mar 2022 21:17:00 +0100}
}

@misc{donkey,
  author = {Donkeycar},
  title     = {An opensource DIY self driving platform for small scale cars.},
   year = 2022,
  url       = {https://www.donkeycar.com/},
  urldate    =	{2021-04-19},
  timestamp = {Wed, 19 Feb 2020 14:17:08 +0100},
}

@misc{coral,
  title     = {Build beneficial and privacy preserving AI},
  author = {Coral},
  year = 2021,
  url       = {https://coral.ai},
  urldate    =	{2021-08-07},
  timestamp = {Wed, 19 Feb 2020 14:17:08 +0100},
}

@masterthesis{Santiago,
  author    = {Gabriel Andersson Santiago and Martin Favre},
  title     = {Analysis and Evaluation of Recurrent Neural Networks in Autonomous Vehicles. {MSc} thesis, {KTH Stockholm, Sweden}.},
  year      = {2017},
  month = nov,
  url = {https://www.diva-portal.org/smash/get/diva2:1155735/FULLTEXT01.pdf},
  timestamp = {Wed, 19 Feb 2020 14:17:08 +0100}
}

@misc{donkey-keras,
author = {Donkeycar},
 year = 2022,
  title     = {Train an autopilot with Keras},
  url       = {https://docs.donkeycar.com/guide/train_autopilot/},
  urldate    =	{2021-11-11},
  timestamp = {Wed, 19 Feb 2022 14:17:08 +0100},
}

@misc{teslasafety,
  author    = {Tesla},
  year      = 2021,
  title     = {Tesla Vehicle Safety Report},
  url       = {https://www.tesla.com/VehicleSafetyReport},
  urldate    =	{2021-02-17},
  timestamp = {Wed, 19 Feb 2022 14:17:08 +0100},
}

@misc{microsoft,
  author    = {Eliot Cowley and Alma Jenks and Quinn Radich},
  year      = {2021},
  month = dec,
  title     = {What is a machine learning model?},
  url       = {https://docs.microsoft.com/en-us/windows/ai/windows-ml/what-is-a-machine-learning-model},
  urldate    =	{2021-12-21},
  timestamp = {Wed, 12 Feb 2022 14:17:08 +0100},
}

@misc{nvidiacnn,
  author    = {NVIDIA},
  year      = {2022},
  title     = {Convolutional Neural Network},
  url       = {https://www.nvidia.com/en-us/glossary/data-science/convolutional-neural-network/},
  urldate    =	{2022-01-22},
  timestamp = {Wed, 12 Feb 2022 14:17:08 +0100},
}

@article{changli,
  author    = {Jiliang Zhang and
               Chen Li},
  title     = {Adversarial Examples: Opportunities and Challenges},
  journal   = {{IEEE} Trans. Neural Networks Learn. Syst.},
  volume    = {31},
  number    = {7},
  pages     = {2578--2593},
  year      = {2020},
  month = jul,
  url       = {https://doi.org/10.1109/TNNLS.2019.2933524},
  doi       = {10.1109/TNNLS.2019.2933524},
  timestamp = {Wed, 26 Aug 2020 11:05:02 +0200},
  biburl    = {https://dblp.org/rec/journals/tnn/0002L20.bib},
  bibsource = {dblp computer science bibliography, https://dblp.org}
}

@misc{lightmeter,
  author    = {Dominik Maglia},
  year      = {2021},
  month = mar,
  title     = {The Best Lux Meter App on iOS in 2021},
  url       = {https://dominikmaglia.medium.com/the-best-lux-meter-app-on-ios-bb14177d0060},
  urldate    =	{2022-02-12},
  timestamp = {Wed, 12 Feb 2022 14:17:08 +0100},
}

@misc{lightmeteraccuracy,
  author    = {Lightray Innovation GmbH},
  year = 2022,
  title     = {Light Meter LM-3000},
  url       = {https://lightray.io/lightmeter},
  urldate    =	{2021-08-10},
  timestamp = {Wed, 12 Feb 2022 14:17:08 +0100},
}

@unpublished{liivak,
  author    = {Martin Liivak},
  title     = {Sample-efficient Online Learning in a Physical Environment},
  Institution = {University of Tartu},
  year      = {2020},
  url       = {https://comserv.cs.ut.ee/ati_thesis/datasheet.php?id=70477&year=2020},
  timestamp = {Wed, 26 Aug 2020 11:05:02 +0200}
}

@misc{gradient,
  author    = {Adrian Rosebrock },
  title     = {Image Gradients with {OpenCV} (Sobel and Scharr)},
  year      = {2021},
  month = may,
  url       = {https://pyimagesearch.com/2021/05/12/image-gradients-with-opencv-sobel-and-scharr/?_ga=2.159059258.1041876361.1645531289-1796533188.1639314157},
  urldate    =	{2022-01-19},
  timestamp = {Wed, 26 Aug 2020 11:05:02 +0200}
}

@inproceedings{driveday,
  author    = {Alex Kendall and
               Jeffrey Hawke and
               David Janz and
               Przemyslaw Mazur and
               Daniele Reda and
               John{-}Mark Allen and
               Vinh{-}Dieu Lam and
               Alex Bewley and
               Amar Shah},
  title     = {Learning to Drive in a Day},
  booktitle = {International Conference on Robotics and Automation, {ICRA} 2019,
               Montreal, QC, Canada, May 20-24, 2019},
  pages     = {8248--8254},
  publisher = {{IEEE}},
  year      = {2019},
  month = may,
  url       = {https://doi.org/10.1109/ICRA.2019.8793742},
  doi       = {10.1109/ICRA.2019.8793742},
  timestamp = {Wed, 16 Oct 2019 14:14:51 +0200},
  biburl    = {https://dblp.org/rec/conf/icra/KendallHJMRALBS19.bib},
  bibsource = {dblp computer science bibliography, https://dblp.org}
}

@misc{tensor,
  title     = {An end-to-end open source machine learning platform},
  author = {TensorFlow},
  year = 2022,
  url       = {https://www.tensorflow.org/},
  urldate    =	{2022-01-11},
  timestamp = {Wed, 26 Aug 2020 11:05:02 +0200}
}

@misc{keras,
  author    = {François Chollet},
  title     = {Keras},
   year      = {2022},
  url       = {https://keras.io/},
   urldate    =	{2022-03-10},
  timestamp = {Wed, 26 Aug 2020 11:05:02 +0200}
}

@misc{opencv,
 author = {OpenCV},
  title     = {{OpenCV}},
   year = 2022,
  url       = {https://opencv.org/},
   urldate    =	{2022-03-22},
  timestamp = {Wed, 26 Aug 2020 11:05:02 +0200}
}
